NY000010000080800863077000000000000000000000000000000000000000000000000000000000
NY090020005015997000013214300887229000000000000000000000000000000000000000000000
NY09133000000012502158025100790000000000000500000                312017999000000
NY091331000000100000000009055593430000000250215948111196730000000000000000000000
NY09133000000022502158025906850000000000000575000                312017197000000
NY091331000000200000000003201591520000000250215328020077860000000000000000000000
NY090088000000020000000600000000001075000250215250215250215000000000000000000000
NY000089000000020000000800000000001075000020315000000000000000000000000000000000