NY000010000080800759413000000000000000000000000000000000000000000000000000000000
NY090020005015997000012714300887229000000000000000000000000000000000000000000000
NY09133000000010602158006100796000000000004931940                312004997000000
NY091331000000100000000003201591520000000050215320141586760000000000000000000000
NY090088000000010000000400000000004931940060215060215060215000000000000000000000
NY090020005015997000012914300887229000000000000000000000000000000000000000000000
NY09133000000011002158010100785000000000003000000                312013592000000
NY091331000000100000000003910991520000000090215391037858400000000000000000000000
NY09133000000021002158010100785000000000003000000                312014194000000
NY091331000000200000000003930991520000000090215393301149870000000000000000000000
NY090088000000020000000600000000006000000100215100215100215000000000000000000000
NY090020005015997000013514300887229000000000000000000000000000000000000000000000
NY09133000000011202158012100842000000000002840000                312008295000000
NY091331000000100000000000855200160000000120215654556154230000000000000000000000
NY090088000000010000000400000000002840000120215120215120215000000000000000000000
NY090020005015997000016414300887229000000000000000000000000000000000000000000000
NY09133000000011602158016101162000000000004944480                312013394000000
NY091331000000100000000000858273430000000140215652710609840000000000000000000000
NY090088000000010000000400000000004944480160215160215160215000000000000000000000
NY090020005015997000012914300887229000000000000000000000000000000000000000000000
NY09133000000011702158017932540000000000006675260                312014699000000
NY091331000000100000000007976117280000000170215120408574840000000000000000000000
NY090088000000010000000400000000006675260170215170215170215000000000000000000000
NY000089000000060000002400000000025391680240215000000000000000000000000000000000