AH100TBRI1128000103                   04BETFOR0011111111111           0937      
0613          VERSJON001                                                        
                                                                                
                                                                                
AH100TBRI1128000104                   04BETFOR2111111111111232010655930938      
020613                               23201065593Test brukerne                 Ba
glervn 30                                                 1386ASKER             
        000000000000000   F 000000005379600                                     
AH100TBRI1128000105                   04BETFOR2311111111111232010655930939      
test                                                                            
                                                                                
                 000000000000001D                    001                        
AH100TBRI1128000106                   04BETFOR2311111111111232010655930940      
test                                                                            
                                                                                
                 000000000000002D                    001                        
AH100TBRI1128000107                   04BETFOR9911111111111           0941      
0613                   00005                                                    
                                                                       000000000
00000000000000         0000000                                                  